<?xml version="1.0" encoding="UTF-8"?><record xmlns="http://www.loc.gov/MARC21/slim" xmlns:cinclude="http://apache.org/cocoon/include/1.0" xmlns:zs="http://www.loc.gov/zing/srw/">
  <leader>00480nz  a2200121n  4500</leader>
  <controlfield tag="001">n 2004031857</controlfield>
  <controlfield tag="003">DLC</controlfield>
  <controlfield tag="005">20040916151846.0</controlfield>
  <controlfield tag="008">040916n| acannaabn          |n ana      </controlfield>
  <datafield tag="010" ind1=" " ind2=" ">
    <subfield code="a">n 2004031857</subfield>
  </datafield>
  <datafield tag="040" ind1=" " ind2=" ">
    <subfield code="a">DLC</subfield>
    <subfield code="b">eng</subfield>
    <subfield code="c">DLC</subfield>
  </datafield>
  <datafield tag="110" ind1="2" ind2=" ">
    <subfield code="a">Westmoreland County Soldiers' and Sailors' Veteran Association (Pa.)</subfield>
  </datafield>
  <datafield tag="670" ind1=" " ind2=" ">
    <subfield code="a">Historic Souvenir, 1925?:</subfield>
    <subfield code="b">t.p. (Westmoreland County Soldiers' and Sailors' Veteran Association) p. 2 (a county reunion of the Eleventh Pennsylvania, held in Greensburg).</subfield>
  </datafield>
</record>